%YAML 1.1
%TAG !u! tag:unity3d.com,2011:
--- !u!29 &1
SceneSettings:
  m_ObjectHideFlags: 0
  m_PVSData: 
  m_PVSObjectsArray: []
  m_PVSPortalsArray: []
  m_OcclusionBakeSettings:
    smallestOccluder: 5
    smallestHole: .25
    backfaceThreshold: 100
--- !u!104 &2
RenderSettings:
  m_ObjectHideFlags: 0
  serializedVersion: 6
  m_Fog: 0
  m_FogColor: {r: .5, g: .5, b: .5, a: 1}
  m_FogMode: 3
  m_FogDensity: .00999999978
  m_LinearFogStart: 0
  m_LinearFogEnd: 300
  m_AmbientSkyColor: {r: .211999997, g: .226999998, b: .259000003, a: 1}
  m_AmbientEquatorColor: {r: .114, g: .125, b: .133000001, a: 1}
  m_AmbientGroundColor: {r: .0469999984, g: .0430000015, b: .0350000001, a: 1}
  m_AmbientIntensity: 1
  m_AmbientMode: 0
  m_SkyboxMaterial: {fileID: 10304, guid: 0000000000000000f000000000000000, type: 0}
  m_HaloStrength: .5
  m_FlareStrength: 1
  m_FlareFadeSpeed: 3
  m_HaloTexture: {fileID: 0}
  m_SpotCookie: {fileID: 10001, guid: 0000000000000000e000000000000000, type: 0}
  m_DefaultReflectionMode: 0
  m_DefaultReflectionResolution: 128
  m_ReflectionBounces: 1
  m_ReflectionIntensity: 1
  m_CustomReflection: {fileID: 0}
  m_Sun: {fileID: 0}
--- !u!127 &3
LevelGameManager:
  m_ObjectHideFlags: 0
--- !u!157 &4
LightmapSettings:
  m_ObjectHideFlags: 0
  serializedVersion: 5
  m_GIWorkflowMode: 0
  m_LightmapsMode: 1
  m_GISettings:
    serializedVersion: 2
    m_BounceScale: 1
    m_IndirectOutputScale: 1
    m_AlbedoBoost: 1
    m_TemporalCoherenceThreshold: 1
    m_EnvironmentLightingMode: 0
    m_EnableBakedLightmaps: 1
    m_EnableRealtimeLightmaps: 1
  m_LightmapEditorSettings:
    serializedVersion: 3
    m_Resolution: 2
    m_BakeResolution: 40
    m_TextureWidth: 1024
    m_TextureHeight: 1024
    m_AOMaxDistance: 1
    m_Padding: 2
    m_CompAOExponent: 0
    m_LightmapParameters: {fileID: 0}
    m_TextureCompression: 1
    m_FinalGather: 0
    m_FinalGatherRayCount: 1024
  m_LightmapSnapshot: {fileID: 0}
  m_RuntimeCPUUsage: 25
--- !u!196 &5
NavMeshSettings:
  serializedVersion: 2
  m_ObjectHideFlags: 0
  m_BuildSettings:
    serializedVersion: 2
    agentRadius: .5
    agentHeight: 2
    agentSlope: 45
    agentClimb: .400000006
    ledgeDropHeight: 0
    maxJumpAcrossDistance: 0
    accuratePlacement: 0
    minRegionArea: 2
    cellSize: .166666672
    manualCellSize: 0
  m_NavMeshData: {fileID: 0}
--- !u!1001 &143594880
Prefab:
  m_ObjectHideFlags: 0
  serializedVersion: 2
  m_Modification:
    m_TransformParent: {fileID: 0}
    m_Modifications:
    - target: {fileID: 464562, guid: 1b737b8081b63411c9410af0c32cd0ee, type: 2}
      propertyPath: m_LocalPosition.x
      value: 0
      objectReference: {fileID: 0}
    - target: {fileID: 464562, guid: 1b737b8081b63411c9410af0c32cd0ee, type: 2}
      propertyPath: m_LocalPosition.y
      value: 0
      objectReference: {fileID: 0}
    - target: {fileID: 464562, guid: 1b737b8081b63411c9410af0c32cd0ee, type: 2}
      propertyPath: m_LocalPosition.z
      value: 0
      objectReference: {fileID: 0}
    - target: {fileID: 464562, guid: 1b737b8081b63411c9410af0c32cd0ee, type: 2}
      propertyPath: m_LocalRotation.x
      value: 0
      objectReference: {fileID: 0}
    - target: {fileID: 464562, guid: 1b737b8081b63411c9410af0c32cd0ee, type: 2}
      propertyPath: m_LocalRotation.y
      value: 0
      objectReference: {fileID: 0}
    - target: {fileID: 464562, guid: 1b737b8081b63411c9410af0c32cd0ee, type: 2}
      propertyPath: m_LocalRotation.z
      value: 0
      objectReference: {fileID: 0}
    - target: {fileID: 464562, guid: 1b737b8081b63411c9410af0c32cd0ee, type: 2}
      propertyPath: m_LocalRotation.w
      value: 1
      objectReference: {fileID: 0}
    - target: {fileID: 464562, guid: 1b737b8081b63411c9410af0c32cd0ee, type: 2}
      propertyPath: m_RootOrder
      value: 0
      objectReference: {fileID: 0}
    - target: {fileID: 11428568, guid: 1b737b8081b63411c9410af0c32cd0ee, type: 2}
      propertyPath: csv
      value: 
      objectReference: {fileID: 4900000, guid: a2049e1ae20b944858322e3300064d0d, type: 3}
    m_RemovedComponents:
    - {fileID: 11420794, guid: 1b737b8081b63411c9410af0c32cd0ee, type: 2}
  m_ParentPrefab: {fileID: 100100000, guid: 1b737b8081b63411c9410af0c32cd0ee, type: 2}
  m_RootGameObject: {fileID: 1786015967}
  m_IsPrefabParent: 0
--- !u!1 &1786015967
GameObject:
  m_ObjectHideFlags: 0
  m_PrefabParentObject: {fileID: 131764, guid: 1b737b8081b63411c9410af0c32cd0ee, type: 2}
  m_PrefabInternal: {fileID: 143594880}
  serializedVersion: 4
  m_Component:
  - 4: {fileID: 1786015970}
  - 114: {fileID: 1786015969}
  - 114: {fileID: 1786015968}
  m_Layer: 0
  m_Name: equipmentDatabase
  m_TagString: Untagged
  m_Icon: {fileID: 0}
  m_NavMeshLayer: 0
  m_StaticEditorFlags: 0
  m_IsActive: 1
--- !u!114 &1786015968
MonoBehaviour:
  m_ObjectHideFlags: 0
  m_PrefabParentObject: {fileID: 0}
  m_PrefabInternal: {fileID: 0}
  m_GameObject: {fileID: 1786015967}
  m_Enabled: 1
  m_EditorHideFlags: 0
  m_Script: {fileID: 11500000, guid: 0e7add0c4ed971f4dae53f21c94a63a2, type: 3}
  m_Name: 
  m_EditorClassIdentifier: 
  csvFile: {fileID: 4900000, guid: a2049e1ae20b944858322e3300064d0d, type: 3}
--- !u!114 &1786015969
MonoBehaviour:
  m_ObjectHideFlags: 0
  m_PrefabParentObject: {fileID: 11428568, guid: 1b737b8081b63411c9410af0c32cd0ee,
    type: 2}
  m_PrefabInternal: {fileID: 143594880}
  m_GameObject: {fileID: 1786015967}
  m_Enabled: 1
  m_EditorHideFlags: 0
  m_Script: {fileID: 11500000, guid: a59b3b438f946b144b6e6d9ef4ee50c8, type: 3}
  m_Name: 
  m_EditorClassIdentifier: 
--- !u!4 &1786015970
Transform:
  m_ObjectHideFlags: 0
  m_PrefabParentObject: {fileID: 464562, guid: 1b737b8081b63411c9410af0c32cd0ee, type: 2}
  m_PrefabInternal: {fileID: 143594880}
  m_GameObject: {fileID: 1786015967}
  m_LocalRotation: {x: 0, y: 0, z: 0, w: 1}
  m_LocalPosition: {x: 0, y: 0, z: 0}
  m_LocalScale: {x: 1, y: 1, z: 1}
  m_Children: []
  m_Father: {fileID: 0}
  m_RootOrder: 0
